00579cas a22002291a 4500
001 999311453502836
003 Nz
005 20161223153131.0
008 040109d1960uuuunz  r ne      0   0 eng d
035    $a (NLNZils)931145
035    $a (Nz)8177840
035    $a (NLNZils)931145-ilsdb
035    $a (OCoLC)173422513
040    $a WN $c WN
042    $a nznb
043    $a u-nz---
245 00 $a Papakura progress.
260    $a [Papakura, N.Z. : $b s.n., $c 1960?-?]
310    $a Weekly
362 0  $a 1960?-?
651  0 $a Papakura (N.Z.) $v Newspapers.
655  7 $a New Zealand newspapers. $2 local $5 Nz
